
              </marcx:collection>
            </object>
          </collection>
        </searchResult>
        <searchResult>
          <collection>
            <resultPosition>5</resultPosition>
            <numberOfObjects>1</numberOfObjects>
            <object>
              <marcx:collection>
              <marcx:record format="danMARC2" type="Bibliographic">
                <marcx:leader>00000n    2200000   4500</marcx:leader>
                <marcx:datafield tag="001" ind1="0" ind2="0">
                  <marcx:subfield code="a">2 364 246 8</marcx:subfield>
                  <marcx:subfield code="b">870970</marcx:subfield>
                  <marcx:subfield code="c">20130118221228</marcx:subfield>
                  <marcx:subfield code="d">20010823</marcx:subfield>
                  <marcx:subfield code="f">a</marcx:subfield>
                </marcx:datafield>
                <marcx:datafield tag="004" ind1="0" ind2="0">
                  <marcx:subfield code="r">n</marcx:subfield>
                  <marcx:subfield code="a">b</marcx:subfield>
                </marcx:datafield>
                <marcx:datafield tag="008" ind1="0" ind2="0">
                  <marcx:subfield code="t">m</marcx:subfield>
                  <marcx:subfield code="u">f</marcx:subfield>
                  <marcx:subfield code="a">2001</marcx:subfield>
                  <marcx:subfield code="l">dan</marcx:subfield>
                  <marcx:subfield code="v">0</marcx:subfield>
                </marcx:datafield>
                <marcx:datafield tag="014" ind1="0" ind2="0">
                  <marcx:subfield code="a">2 364 243 3</marcx:subfield>
                </marcx:datafield>
                <marcx:datafield tag="032" ind1="0" ind2="0">
                  <marcx:subfield code="a">IDO200137</marcx:subfield>
                  <marcx:subfield code="x">NET200137</marcx:subfield>
                  <marcx:subfield code="x">DAT991304</marcx:subfield>
                </marcx:datafield>
                <marcx:datafield tag="245" ind1="0" ind2="0">
                  <marcx:subfield code="g">2.1</marcx:subfield>
                  <marcx:subfield code="a">Intern sikkerhedsdokumentation</marcx:subfield>
                  <marcx:subfield code="e">udarbejdet af: Holstberg Management</marcx:subfield>
                  <marcx:subfield code="e">forfatter: Anne Gram</marcx:subfield>
                </marcx:datafield>
                <marcx:datafield tag="526" ind1="0" ind2="0">
                  <marcx:subfield code="i">Hertil findes</marcx:subfield>
                  <marcx:subfield code="t">Bilag 1-8</marcx:subfield>
                  <marcx:subfield code="u">http://www.arbejdsulykker.dk/pdf/2_1_bilag.pdf</marcx:subfield>
                </marcx:datafield>
                <marcx:datafield tag="700" ind1="0" ind2="0">
                  <marcx:subfield code="0"/>
                  <marcx:subfield code="a">Gram</marcx:subfield>
                  <marcx:subfield code="h">Anne</marcx:subfield>
                </marcx:datafield>
                <marcx:datafield tag="710" ind1="0" ind2="0">
                  <marcx:subfield code="a">Holstberg Management</marcx:subfield>
                </marcx:datafield>
                <marcx:datafield tag="856" ind1="0" ind2="0">
                  <marcx:subfield code="z">Adgangsmåde: Internet</marcx:subfield>
                  <marcx:subfield code="u">http://www.arbejdsulykker.dk/pdf/met_2_1.pdf</marcx:subfield>
                  <marcx:subfield code="z">Kræver læseprogrammet Acrobat Reader</marcx:subfield>
                </marcx:datafield>
                <marcx:datafield tag="d08" ind1="0" ind2="0">
                  <marcx:subfield code="a">tb</marcx:subfield>
                </marcx:datafield>
                <marcx:datafield tag="d08" ind1="0" ind2="0">
                  <marcx:subfield code="a">rettet i forb. med tilf. af 008w</marcx:subfield>
                </marcx:datafield>
                <marcx:datafield tag="s10" ind1="0" ind2="0">
                  <marcx:subfield code="a">DBC</marcx:subfield>
                </marcx:datafield>
                <marcx:datafield tag="z99" ind1="0" ind2="0">
                  <marcx:subfield code="a">masseret</marcx:subfield>
                </marcx:datafield>
                <marcx:datafield tag="n55" ind1="0" ind2="0">
                  <marcx:subfield code="a">20050301</marcx:subfield>
                </marcx:datafield>
              </marcx:record>