
              </marcx:collection>
            </object>
          </collection>
        </searchResult>
        <searchResult>
          <collection>
            <resultPosition>6</resultPosition>
            <numberOfObjects>1</numberOfObjects>
            <object>
              <marcx:collection>
              <marcx:record format="danMARC2" type="Bibliographic">
                <marcx:leader>00000n    2200000   4500</marcx:leader>
                <marcx:datafield tag="001" ind1="0" ind2="0">
                  <marcx:subfield code="a">2 364 449 5</marcx:subfield>
                  <marcx:subfield code="b">870970</marcx:subfield>
                  <marcx:subfield code="c">20130118221235</marcx:subfield>
                  <marcx:subfield code="d">20010823</marcx:subfield>
                  <marcx:subfield code="f">a</marcx:subfield>
                </marcx:datafield>
                <marcx:datafield tag="004" ind1="0" ind2="0">
                  <marcx:subfield code="r">n</marcx:subfield>
                  <marcx:subfield code="a">b</marcx:subfield>
                </marcx:datafield>
                <marcx:datafield tag="008" ind1="0" ind2="0">
                  <marcx:subfield code="t">m</marcx:subfield>
                  <marcx:subfield code="u">f</marcx:subfield>
                  <marcx:subfield code="a">2001</marcx:subfield>
                  <marcx:subfield code="l">dan</marcx:subfield>
                  <marcx:subfield code="v">0</marcx:subfield>
                </marcx:datafield>
                <marcx:datafield tag="014" ind1="0" ind2="0">
                  <marcx:subfield code="a">2 364 448 7</marcx:subfield>
                </marcx:datafield>
                <marcx:datafield tag="032" ind1="0" ind2="0">
                  <marcx:subfield code="a">IDO200137</marcx:subfield>
                  <marcx:subfield code="x">NET200137</marcx:subfield>
                  <marcx:subfield code="x">DAT991304</marcx:subfield>
                </marcx:datafield>
                <marcx:datafield tag="245" ind1="0" ind2="0">
                  <marcx:subfield code="g">8.1</marcx:subfield>
                  <marcx:subfield code="a">Arbejdssikkerhedsanalyse</marcx:subfield>
                  <marcx:subfield code="e">SINTEF Teknologiledelse, avd. Sikkerhet og pålitelighet</marcx:subfield>
                  <marcx:subfield code="e">forfatter: Ragnar Rosness, Solfrid Engene Røyset</marcx:subfield>
                </marcx:datafield>
                <marcx:datafield tag="512" ind1="0" ind2="0">
                  <marcx:subfield code="a">SINTEF: Stiftelsen for industriell og teknisk forskning ved Norges tekniske høgskole</marcx:subfield>
                </marcx:datafield>
                <marcx:datafield tag="526" ind1="0" ind2="0">
                  <marcx:subfield code="i">Hertil findes</marcx:subfield>
                  <marcx:subfield code="t">Bilag 1-3</marcx:subfield>
                  <marcx:subfield code="u">http://www.arbejdsulykker.dk/pdf/8_1_bilag.pdf</marcx:subfield>
                </marcx:datafield>
                <marcx:datafield tag="532" ind1="0" ind2="0">
                  <marcx:subfield code="a">Med litteraturhenvisninger</marcx:subfield>
                </marcx:datafield>
                <marcx:datafield tag="700" ind1="0" ind2="0">
                  <marcx:subfield code="0"/>
                  <marcx:subfield code="a">Røyset</marcx:subfield>
                  <marcx:subfield code="h">Solfrid Engene</marcx:subfield>
                  <marcx:subfield code="å">1</marcx:subfield>
                </marcx:datafield>
                <marcx:datafield tag="700" ind1="0" ind2="0">
                  <marcx:subfield code="0"/>
                  <marcx:subfield code="a">Rosness</marcx:subfield>
                  <marcx:subfield code="h">Ragnar</marcx:subfield>
                </marcx:datafield>
                <marcx:datafield tag="710" ind1="0" ind2="0">
                  <marcx:subfield code="å">1</marcx:subfield>
                  <marcx:subfield code="a">SINTEF</marcx:subfield>
                  <marcx:subfield code="c">Avdeling for sikkerhet og pålitelighet</marcx:subfield>
                </marcx:datafield>
                <marcx:datafield tag="856" ind1="0" ind2="0">
                  <marcx:subfield code="z">Adgangsmåde: Internet</marcx:subfield>
                  <marcx:subfield code="u">http://www.arbejdsulykker.dk/pdf/met_8_1.pdf</marcx:subfield>
                  <marcx:subfield code="z">Kræver læseprogrammet Acrobat Reader</marcx:subfield>
                </marcx:datafield>
                <marcx:datafield tag="910" ind1="0" ind2="0">
                  <marcx:subfield code="a">Avdeling for sikkerhet og pålitelighet, SINTEF</marcx:subfield>
                  <marcx:subfield code="z">710/1</marcx:subfield>
                </marcx:datafield>
                <marcx:datafield tag="910" ind1="0" ind2="0">
                  <marcx:subfield code="a">Stiftelsen for industriell og teknisk forskning ved Norges tekniske høgskole</marcx:subfield>
                  <marcx:subfield code="z">710/1(a)</marcx:subfield>
                </marcx:datafield>
                <marcx:datafield tag="d08" ind1="0" ind2="0">
                  <marcx:subfield code="a">tb</marcx:subfield>
                </marcx:datafield>
                <marcx:datafield tag="d08" ind1="0" ind2="0">
                  <marcx:subfield code="a">rettet i forb. med tilf. af 008w</marcx:subfield>
                </marcx:datafield>
                <marcx:datafield tag="s10" ind1="0" ind2="0">
                  <marcx:subfield code="a">DBC</marcx:subfield>
                </marcx:datafield>
                <marcx:datafield tag="z99" ind1="0" ind2="0">
                  <marcx:subfield code="a">masseret</marcx:subfield>
                </marcx:datafield>
                <marcx:datafield tag="n55" ind1="0" ind2="0">
                  <marcx:subfield code="a">20050301</marcx:subfield>
                </marcx:datafield>
                <marcx:datafield tag="900" ind1="0" ind2="0">
                  <marcx:subfield code="0"/>
                  <marcx:subfield code="a">Engene Røyset</marcx:subfield>
                  <marcx:subfield code="h">Solfrid</marcx:subfield>
                  <marcx:subfield code="z">700/1</marcx:subfield>
                </marcx:datafield>
              </marcx:record>