
              </marcx:collection>
            </object>
          </collection>
        </searchResult>
        <searchResult>
          <collection>
            <resultPosition>10</resultPosition>
            <numberOfObjects>1</numberOfObjects>
            <object>
              <marcx:collection>
              <marcx:record format="danMARC2" type="Bibliographic">
                <marcx:leader>00000n    2200000   4500</marcx:leader>
                <marcx:datafield tag="001" ind1="0" ind2="0">
                  <marcx:subfield code="a">2 364 363 4</marcx:subfield>
                  <marcx:subfield code="b">870970</marcx:subfield>
                  <marcx:subfield code="c">20130118221324</marcx:subfield>
                  <marcx:subfield code="d">20010823</marcx:subfield>
                  <marcx:subfield code="f">a</marcx:subfield>
                </marcx:datafield>
                <marcx:datafield tag="004" ind1="0" ind2="0">
                  <marcx:subfield code="r">n</marcx:subfield>
                  <marcx:subfield code="a">b</marcx:subfield>
                </marcx:datafield>
                <marcx:datafield tag="008" ind1="0" ind2="0">
                  <marcx:subfield code="t">m</marcx:subfield>
                  <marcx:subfield code="u">f</marcx:subfield>
                  <marcx:subfield code="a">2001</marcx:subfield>
                  <marcx:subfield code="l">dan</marcx:subfield>
                  <marcx:subfield code="v">0</marcx:subfield>
                </marcx:datafield>
                <marcx:datafield tag="014" ind1="0" ind2="0">
                  <marcx:subfield code="a">2 364 351 0</marcx:subfield>
                </marcx:datafield>
                <marcx:datafield tag="032" ind1="0" ind2="0">
                  <marcx:subfield code="a">IDO200137</marcx:subfield>
                  <marcx:subfield code="x">NET200137</marcx:subfield>
                  <marcx:subfield code="x">DAT991304</marcx:subfield>
                </marcx:datafield>
                <marcx:datafield tag="245" ind1="0" ind2="0">
                  <marcx:subfield code="g">5.2</marcx:subfield>
                  <marcx:subfield code="a">Tripod - metode til læring af ulykker</marcx:subfield>
                  <marcx:subfield code="e">udarbejdet af: Danmarks Tekniske Universitet, Byg.DTU</marcx:subfield>
                  <marcx:subfield code="e">forfatter til den danske udgave: Brit Tholander</marcx:subfield>
                </marcx:datafield>
                <marcx:datafield tag="532" ind1="0" ind2="0">
                  <marcx:subfield code="a">Med litteraturhenvisninger</marcx:subfield>
                </marcx:datafield>
                <marcx:datafield tag="700" ind1="0" ind2="0">
                  <marcx:subfield code="0"/>
                  <marcx:subfield code="a">Tholander</marcx:subfield>
                  <marcx:subfield code="h">Brit</marcx:subfield>
                </marcx:datafield>
                <marcx:datafield tag="710" ind1="0" ind2="0">
                  <marcx:subfield code="a">Danmarks Tekniske Universitet</marcx:subfield>
                  <marcx:subfield code="c">BYG. DTU</marcx:subfield>
                </marcx:datafield>
                <marcx:datafield tag="856" ind1="0" ind2="0">
                  <marcx:subfield code="z">Adgangsmåde: Internet</marcx:subfield>
                  <marcx:subfield code="u">http://www.arbejdsulykker.dk/pdf/met_5_2.pdf</marcx:subfield>
                </marcx:datafield>
                <marcx:datafield tag="910" ind1="0" ind2="0">
                  <marcx:subfield code="a">BYG. DTU, Danmarks Tekniske Universitet</marcx:subfield>
                  <marcx:subfield code="z">710</marcx:subfield>
                </marcx:datafield>
                <marcx:datafield tag="910" ind1="0" ind2="0">
                  <marcx:subfield code="a">DTU</marcx:subfield>
                  <marcx:subfield code="z">710(a)</marcx:subfield>
                </marcx:datafield>
                <marcx:datafield tag="d08" ind1="0" ind2="0">
                  <marcx:subfield code="a">tb</marcx:subfield>
                </marcx:datafield>
                <marcx:datafield tag="d08" ind1="0" ind2="0">
                  <marcx:subfield code="a">rettet i forb. med tilf. af 008w</marcx:subfield>
                </marcx:datafield>
                <marcx:datafield tag="s10" ind1="0" ind2="0">
                  <marcx:subfield code="a">DBC</marcx:subfield>
                </marcx:datafield>
                <marcx:datafield tag="z99" ind1="0" ind2="0">
                  <marcx:subfield code="a">masseret</marcx:subfield>
                </marcx:datafield>
                <marcx:datafield tag="n55" ind1="0" ind2="0">
                  <marcx:subfield code="a">20050301</marcx:subfield>
                </marcx:datafield>
              </marcx:record>
              </marcx:collection>
            </object>
          </collection>
        </searchResult>
        <statInfo>
          <time>0.21601</time>
          <trackingId>os:2014-06-27T12:15:03:367061:13003</trackingId>
        </statInfo>
      </result>
    </searchResponse>
  </SOAP-ENV:Body>
</SOAP-ENV:Envelope>
